<?xml version="1.0" encoding="UTF-8"?><collection xmlns="http://www.loc.gov/MARC21/slim"><record><leader>00414nam--2200133-i-4500</leader><controlfield tag="001">000001822</controlfield><controlfield tag="002">20161230</controlfield><controlfield tag="005">20161230201024</controlfield><controlfield tag="008">060222s1000------------r-----000-0-eng-d</controlfield><datafield ind1=" " ind2=" " tag="080"><subfield code="a">538</subfield></datafield><datafield ind1=" " ind2=" " tag="245"><subfield code="a">Magnetism and magnetic materials 1967 digest. a survey of the technical literature of the preceding year</subfield></datafield><datafield ind1=" " ind2=" " tag="260"><subfield code="a">New York, Academic Press, 1967. Xiii + 280 P</subfield></datafield><datafield ind1=" " ind2=" " tag="700"><subfield code="a">Doyle, W.D., Harris, A.B</subfield></datafield><datafield ind1=" " ind2=" " tag="852"><subfield code="a">29032</subfield></datafield></record></collection>